@techreport{who2008_plan_burn_prevention_care,
    title = {{A WHO plan for burn prevention and care}},
    year = {2008},
    author = {{World Health Organization}},
    pages = {23 p.},
    url = {https://apps.who.int/iris/handle/10665/97852},
    institution = {World Health Organization},
    address = {Geneva},
    isbn = {9789241596299},
    keywords = {Burns, Wounds and Injuries}
}

@techreport{who2011_sucess_stories,
    title = {{Burn prevention: success stories and lessons learned}},
    year = {2011},
    author = {{World Health Organization}},
    pages = {83 p.},
    url = {https://apps.who.int/iris/handle/10665/97938},
    institution = {World Health Organization},
    address = {Geneva},
    isbn = {9789241501187},
    keywords = {Burns, Wounds and Injuries}
}

@incollection{who_unicef2008_burns_chapter,
    title = {{Burns}},
    year = {2008},
    booktitle = {World report on child injury prevention},
    author = {{World Health Organization; Unicef}},
    chapter = {4},
    edition = {1st},
    number = {June 2007},
    pages = {79--98},
    publisher = {WHO Press},
    url = {http://whqlibdoc.who.int/publications/2008/9789241563574_eng.pdf?ua=1},
    address = {Geneva},
    isbn = {9789241563574}
}

@techreport{GHE2016_xls,
    title = {{Global Health Estimates 2016: Disease burden by Cause, Age, Sex, by Country and by Region, 2000-2016}},
    year = {2018},
    author = {{World Health Organization}},
    url = {https://www.who.int/healthinfo/global_burden_disease/estimates/en/index1.html},
    institution = {World Health Organization},
    address = {Geneva}
}

@article{isbi_guidelines_burn_care,
    title = {{ISBI Practice Guidelines for Burn Care}},
    year = {2016},
    journal = {Burns},
    author = {{ISBI Practice Guidelines Committee} and Ahuja, Rajeev B. and Gibran, Nicole and Greenhalgh, David and Jeng, James and Mackie, David and Moghazy, Amr and Moiemen, Naiem and Palmieri, Tina and Peck, Michael and Serghiou, Michael and Watson, Stuart and Wilson, Yvonne and Altamirano, Ariel Miranda and Atieh, Bechara and Bolgiani, Alberto and Carrougher, Gretchen and Edgar, Dale and Guerrero, Linda and Hanumadass, Marella and Hasibuan, Lisa and Hofland, Helma and Icaza, Ivette and Klein, Leo and Matsumura, Hajime and Nnabuko, Richard and Pirat, Arash and Puri, Vinita and Riasa, Nyoman Putu and Wood, Fiona and Wu, Jun and Zhao-Fan, Xia and van Zuijlen, Paul},
    number = {5},
    month = {8},
    pages = {953--1021},
    volume = {42},
    publisher = {Elsevier},
    url = {https://www.sciencedirect.com/science/article/pii/S0305417916301449},
    doi = {10.1016/J.BURNS.2016.05.013},
    issn = {0305-4179}
}